%KKKKKKK
@BOOK{kernighan1988a,
       author = {{Kernighan}, Brian W. and {Ritchie}, Dennis M.},
        title = "{The C programming language}",
         year = 1988,
       adsurl = {https://ui.adsabs.harvard.edu/abs/1988cpl..book.....K},
      adsnote = {Provided by the SAO/NASA Astrophysics Data System}
}